% bmc_article.bib
% 
%  An example of bibtex entries.
%  Entries taken from BMC instructions for authors page.

% uncomment next line to make author-year bibliography
% @settings{label, options="nameyear"}

% Article within a journal
@article{Camacho2009,
author = {Camacho, C and Coulouris, G and Avagyan, V and Ma, N and Papadopoulos, J and Bealer, K and Madden, T L},
title = {{BLAST+: architecture and applications}},
journal = {BMC bioinformatics},
year = {2009},
volume = {10},
pages = {421}
}

@article{Cock:2009hj,
author = {Cock, Peter J A and Antao, Tiago and Chang, Jeffrey T and Chapman, Brad A and Cox, Cymon J and Dalke, Andrew and Friedberg, Iddo and Hamelryck, Thomas and Kauff, Frank and Wilczynski, Bartek and de Hoon, Michiel J L},
title = {{Biopython: freely available Python tools for computational molecular biology and bioinformatics.}},
journal = {Bioinformatics},
year = {2009},
volume = {25},
number = {11},
pages = {1422--1423},
month = jun
}

@article{Edgar:2004bo,
author = {Edgar, Robert C},
title = {{MUSCLE: multiple sequence alignment with high accuracy and high throughput.}},
journal = {Nucleic acids research},
year = {2004},
volume = {32},
number = {5},
pages = {1792--1797}
}

@article{Guindon:2010gf,
author = {Guindon, St{\'e}phane and Dufayard, Jean-Fran{\c c}ois and Lefort, Vincent and Anisimova, Maria and Hordijk, Wim and Gascuel, Olivier},
title = {{New algorithms and methods to estimate maximum-likelihood phylogenies: assessing the performance of PhyML 3.0.}},
journal = {Systematic biology},
year = {2010},
volume = {59},
number = {3},
pages = {307--321},
month = may
}

@article{HuertaCepas:2010fd,
author = {Huerta-Cepas, Jaime and Dopazo, Joaqu{\'\i}n and Gabald{\'o}n, Toni},
title = {{ETE: a python Environment for Tree Exploration.}},
journal = {BMC bioinformatics},
year = {2010},
volume = {11},
pages = {24}
}

@article{Katoh:2013hm,
author = {Katoh, Kazutaka and Standley, Daron M},
title = {{MAFFT multiple sequence alignment software version 7: improvements in performance and usability.}},
journal = {Molecular biology and evolution},
year = {2013},
volume = {30},
number = {4},
pages = {772--780},
month = apr
}

@article{Larkin:2007hz,
author = {Larkin, M A and Blackshields, G and Brown, N P and Chenna, R and McGettigan, P A and McWilliam, H and Valentin, F and Wallace, I M and Wilm, A and Lopez, R and Thompson, J D and Gibson, T J and Higgins, D G},
title = {{Clustal W and Clustal X version 2.0.}},
journal = {Bioinformatics},
year = {2007},
volume = {23},
number = {21},
pages = {2947--2948},
month = nov
}

@article{Loytynoja:2012fy,
author = {L{\"o}ytynoja, Ari and Vilella, Albert J and Goldman, Nick},
title = {{Accurate extension of multiple sequence alignments using a phylogeny-aware graph algorithm.}},
journal = {Bioinformatics},
year = {2012},
volume = {28},
number = {13},
pages = {1684--1691},
month = jul
}

@article{Loytynoja:2005cb,
author = {L{\"o}ytynoja, Ari and Goldman, Nick},
title = {{An algorithm for progressive multiple alignment of sequences with insertions.}},
journal = {Proceedings of the National Academy of Sciences of the United States of America},
year = {2005},
volume = {102},
number = {30},
pages = {10557--10562},
month = jul
}

@article{Price:2010eg,
author = {Price, Morgan N and Dehal, Paramvir S and Arkin, Adam P},
title = {{FastTree 2--approximately maximum-likelihood trees for large alignments.}},
journal = {PloS one},
year = {2010},
volume = {5},
number = {3},
pages = {e9490}
}

@article{Rice:2000wr,
author = {Rice, P and Longden, I and Bleasby, A},
title = {{EMBOSS: the European Molecular Biology Open Software Suite.}},
journal = {Trends in genetics},
year = {2000},
volume = {16},
number = {6},
pages = {276--277},
month = jun
}

@article{Sievers:2011fn,
author = {Sievers, Fabian and Wilm, Andreas and Dineen, David and Gibson, Toby J and Karplus, Kevin and Li, Weizhong and Lopez, Rodrigo and McWilliam, Hamish and Remmert, Michael and S{\"o}ding, Johannes and Thompson, Julie D and Higgins, Desmond G},
title = {{Fast, scalable generation of high-quality protein multiple sequence alignments using Clustal Omega.}},
journal = {Molecular systems biology},
year = {2011},
volume = {7},
number = {1},
pages = {539--539}
}

@article{Stamatakis:2006de,
author = {Stamatakis, Alexandros},
title = {{RAxML-VI-HPC: maximum likelihood-based phylogenetic analyses with thousands of taxa and mixed models.}},
journal = {Bioinformatics},
year = {2006},
volume = {22},
number = {21},
pages = {2688--2690},
month = nov
}

@article{Sukumaran:2010id,
author = {Sukumaran, Jeet and Holder, Mark T},
title = {{DendroPy: a Python library for phylogenetic computing.}},
journal = {Bioinformatics},
year = {2010},
volume = {26},
number = {12},
pages = {1569--1571},
month = jun
}

%%%%%%%%
% Webpage Link / URL
%
@webpage{pypi,
	title  = {Python Package Index},
	url = {https://pypi.python.org/}
}

@webpage{bioconda,
	title  = {Bioconda},
	url = {https://bioconda.github.io/}
}

@webpage{github,
	title  = {GitHub},
	url = {https://github.com/}
}

@webpage{travisci,
	title  = {Travis CI},
	url = {https://travis-ci.org/}
}


